% This file was created with JabRef 2.9.2.
% Encoding: UTF8

@ARTICLE{directory_spec,
  author = {Baidu EFE team},
  title = {项目目录结构规范},
  owner = {guoyu},
  timestamp = {2015.04.28},
  url = {https://github.com/ecomfe/spec/blob/master/directory.md}
}

@MISC{static_web_page,
  author = {Wikipedia},
  title = {Static web page},
  owner = {guoyu},
  timestamp = {2013.11.27},
  url = {http://en.wikipedia.org/wiki/Static_web_page}
}

@MISC{web_document,
  author = {Wikipedia},
  title = {Web Document},
  owner = {guoyu},
  timestamp = {2013.11.27},
  url = {http://en.wikipedia.org/wiki/Web_document}
}

@MISC{web_page,
  author = {Wikipedia},
  title = {Web Page},
  owner = {guoyu},
  timestamp = {2013.11.27},
  url = {http://en.wikipedia.org/wiki/Web_page}
}

@MISC{sever_side_scripting,
  author = {Wikipedia},
  title = {Server-side scripting},
  year = {1995},
  owner = {guoyu},
  timestamp = {2013.11.27},
  url = {http://en.wikipedia.org/wiki/Server-side_scripting}
}

@MISC{client_side_scripting,
  author = {Wikipedia},
  title = {Client-side script},
  year = {1994},
  owner = {guoyu},
  timestamp = {2013.11.27},
  url = {http://en.wikipedia.org/wiki/Client-side_scripting}
}

@MISC{dynamic_web_page,
  author = {Wikipedia},
  title = {Dynamic web page},
  year = {1990},
  owner = {guoyu},
  timestamp = {2013.11.27},
  url = {http://en.wikipedia.org/wiki/Dynamic_web_page}
}

@MISC{web_development,
  author = {Wikipedia},
  title = {Web Development},
  year = {1990},
  owner = {guoyu},
  timestamp = {2013.11.27},
  url = {http://en.wikipedia.org/wiki/Web_development}
}

@ARTICLE{findable,
  author = {一叶千鸟},
  title = {让网站容易被发现},
  year = {2009},
  owner = {guoyu},
  timestamp = {2015.04.20},
  url = {http://blog.rexsong.com/?p=6077}
}

